%1
@inproceedings{alonsoumarbaezaricardo,
	author = {Alonso, Omar and Baeza-Yates, Ricardo},
	year = {2000},
	month = {02},
	pages = {8 - 16},
	title = {A model and software architecture for search results visualization on the WWW},
	isbn = {0-7695-0746-8},
	doi = {10.1109/SPIRE.2000.878175}
}

@inproceedings{userinterface1,
	author = {M. Agus Muhyidin, Muhammad Afif Sulhan, Agus Sevtiana},
	year = {2020},
	month = {1},
	title = {PERANCANGAN UI/UX APLIKASI MY CIC LAYANAN
	INFORMASI AKADEMIK MAHASISWA
	MENGGUNAKAN APLIKASI FIGMA},
	doi = {10.51920/jd.v10i2.171}
}

@article{scrum,
	author = {Adi, Putu},
	year = {2015},
	month = {09},
	pages = {},
	title = {Scrum Method Implementation in a Software Development Project Management},
	volume = {6},
	journal = {International Journal of Advanced Computer Science and Applications},
	doi = {10.14569/IJACSA.2015.060927}
}


%2
@unknown{googleyahoobinguicomparison,
	author = {Bougaardt, Ryan and Weideman, Melius},
	year = {2014},
	month = {01},
	pages = {},
	title = {The effect of search engine interface design on user perception. [0033]}
}

%3
@INPROCEEDINGS{improvingsearchresultbyminingusersquerylogs,
	author={Sharma, A.K. and Aggarwal, Neha and Duhan, Neelam and Gupta, Ranjna},
	booktitle={2010 International Conference on Methods and Models in Computer Science (ICM2CS-2010)}, 
	title={Web search result optimization by mining the search engine query logs}, 
	year={2010},
	volume={},
	number={},
	pages={39-45},
	doi={10.1109/ICM2CS.2010.5706716}}

%4
@article{datavisualizationbalogun,
	author = {Ajagbe, Sunday and Oladipupo, Matthew and Emmanuel, Balogun},
	year = {2020},
	month = {06},
	pages = {35-44},
	title = {CRIME BELT MONITORING VIA DATA VISUALIZATION: A CASE STUDY OF FOLIUM},
	volume = {4}
}

%5
@inproceedings{dbpediacasestudy,
	author = {Caldarola, Enrico G. and Picariello, Antonio and Rinaldi, Antonio and Sacco, Marco},
	year = {2016},
	month = {11},
	pages = {},
	title = {Exploration and Visualization of Big Graphs - The DBpedia Case Study},
	doi = {10.5220/0006046802570264}
}

%55
@article{xxx,
	author = {Darejeh, Ali and Singh, Dalbir},
	year = {2013},
	month = {11},
	pages = {1443-1450},
	title = {A review on user interface design principles to increase software usability for users with less computer literacy},
	volume = {9},
	journal = {Journal of Computer Science},
	doi = {10.3844/jcssp.2013.1443.1450}
}

%6
@article{graphvisualizationmeaning,
	author = {Fadli, Khafidzun and Basuki, Achmad and Setiawan, Eko},
	year = {2020},
	month = {05},
	pages = {591},
	title = {Identifikasi Malicious Host dalam Local Area Network Menggunakan Teknik Graph Clustering dan Filtering},
	volume = {7},
	journal = {Jurnal Teknologi Informasi dan Ilmu Komputer},
	doi = {10.25126/jtiik.2020733339}
}

%7
@inbook{graphyifanhu,
	author = {Hu, Yifan and Nöllenburg, Martin},
	year = {2018},
	month = {01},
	pages = {1-9},
	title = {Graph Visualization},
	doi = {10.1007/978-3-319-63962-8_324-1}
}

@unknown{mongoarchitecture,
	author = {Mungekar, Akshay},
	year = {2019},
	month = {02},
	pages = {},
	title = {Data Storage and Management Project},
	doi = {10.13140/RG.2.2.27354.18880}
}

@INPROCEEDINGS{mongomysqlperfomancediff,
	author={Győrödi, Cornelia and Győrödi, Robert and Pecherle, George and Olah, Andrada},
	booktitle={2015 13th International Conference on Engineering of Modern Electric Systems (EMES)}, 
	title={A comparative study: MongoDB vs. MySQL}, 
	year={2015},
	volume={},
	number={},
	pages={1-6},
	doi={10.1109/EMES.2015.7158433}}

@inproceedings{datavisualization1,
	title={Quantitative Data Graphics: Best Practices of Designing Tables and Graphs for Use in Not-for-Profit Evaluation Reports},
	author={Ruta Stabina},
	year={2005}
}

@article{participatory2,
	author = {Spinuzzi, Clay},
	year = {2005},
	month = {05},
	pages = {163-174},
	title = {The Methodology of Participatory Design},
	volume = {52},
	journal = {Technical Communication}
}

@inbook{uat1,
	author = {Perry, William E},
	year = {2006},
	month = {05},
	title = {Effective Methods for Software Testing: Includes Complete Guidelines, Checklists, and Templates},
	isbn = {978-0764598371},
}

@article{ut1,
	author = {Mingtao, Shi},
	year = {2010},
	month = {10},
	pages = {},
	title = {Software Functional Testing from the Perspective of Business Practice},
	volume = {3},
	journal = {Computer and Information Science},
	doi = {10.5539/cis.v3n4p49}
}


@inbook{ut2,
	author = {M. Shalahuddin, Rosa A.S.},
	year = {2014},
	title = {Rekayasa Perangkat Lunak: Terstruktur dan Berorientasi Objek},
}

@inbook{participatory,
	author = {Muller, Michael},
	year = {2007},
	month = {09},
	pages = {1061-1081},
	title = {Participatory Design},
	isbn = {978-1-4200-8890-8},
	doi = {10.1201/9781410615862.ch54}
}

@inproceedings{uat,
	title={Systems Analysis and Design in a Changing World},
	author={Satzinger, J.W. and Jackson, R.B. and Burd, S.D.},
	isbn={9781133713371},
	year={2011},
	publisher={Cengage Learning}
}

@article{uatexample,
	author = {Keat, Lee and Chuah, Chai Wen},
	year = {2018},
	month = {09},
	pages = {},
	title = {Smart Indoor Home Surveillance Monitoring System Using Raspberry Pi},
	volume = {2},
	journal = {JOIV : International Journal on Informatics Visualization},
	doi = {10.30630/joiv.2.4-2.172}
}

@book{refactoringui,
	title     = "Refactoring UI",
	author    = "Wathan Adam and Steve Schoger",
	year = 2018
}


@inproceedings{utx1,
	title={Software Functional Testing from the Perspective of Business Practice},
	author={Mingtao, Shi},
	year={2010}
}

@article{lazu,
	title={Perancangan arsitektur search engine dengan mengintegrasikan web crawler, algoritma page ranking, dan document ranking},
	author={Lazuardy Khatulistiwa},
	journal = {Program Studi Ilmu Komputer Fakultas Matematika Dan Ilmu Pengetahuan Alam Universitas Negeri Jakarta 2022},
	year={2022}
}


@article{hanif,
	title={Implementasi Modul Indexing Pada Search Engine Telusuri Dengan Integrasi Inverted Index Dan Generalized Suffix Tree Untuk Mereduksi Waktu Pencarian},
	author={Mochammad Hanif Ramadhan},
	journal = {Program Studi Ilmu Komputer Fakultas Matematika Dan Ilmu Pengetahuan Alam Universitas Negeri Jakarta 2023},
	year={2023}
}

@article{farhan,
	title={Peningkatan Efisiensi Penggunaan Memori Utama Pada Algoritma Pagerank},
	author={Farhan Herdian Pradana},
	year={2023}
}

@article{mongoarchitecture2,
	author = {B, Dipina and Salim, Shirin and mariam varghese, Surekha},
	year = {2016},
	month = {04},
	pages = {387-394},
	title = {Performance Evaluation of MySQL and MongoDB Databases},
	volume = {5},
	journal = {International Journal on Cybernetics and Informatics},
	doi = {10.5121/ijci.2016.5241}
}

@article{mongovsmysql,
	author = {B, Dipina and Salim, Shirin and mariam varghese, Surekha},
	year = {2016},
	month = {04},
	pages = {387-394},
	title = {Performance Evaluation of MySQL and MongoDB Databases},
	volume = {5},
	journal = {International Journal on Cybernetics & Informatics},
	doi = {10.5121/ijci.2016.5241}
}