%1
@misc{sample2018internet,
	author={Ian Sample},
	title={What is the internet? 13 key questions answered},
	url = {https://www.theguardian.com/technology/2018/oct/22/what-is-the-internet-13-key-questions-answered},
	note = {https://www.theguardian.com/technology/2018/oct/22/what-is-the-internet-13-key-questions-answered. Diakses pada 30-07-2022},
	year = {2018},
}

%2
@misc{techopedia2020website,
	author={Techopedia},
	title={Website},
	url={https://www.techopedia.com/definition/5411/website},
	note={https://www.techopedia.com/definition/5411/website. Diakses pada 30-07-2022},
	year={2020}
}

%3
@misc{amstrong2021website,
	author={Martin Amstrong},
	title={How Many Websites Are There?},
	url={https://www.statista.com/chart/19058/number-of-websites-online/},
	note={https://www.statista.com/chart/19058/number-of-websites-online/. Diakses pada 30-07-2022},
	year={2021}
}

%4
@article{brin1998anatomy,
	title={The anatomy of a large-scale hypertextual web search engine},
	author={Sergey Brin and Lawrence Page},
	year={1998}
}

$5
@misc{gsc2022marketshare,
	author={GlobalStatCounter},
	title={Search Engine Market Share Worldwide - July 2022},
	url={https://gs.statcounter.com/search-engine-market-share\#monthly-200901-202208-bar},
	note={https://gs.statcounter.com/search-engine-market-share\#monthly-200901-202208-bar. Diakses pada 28-09-2022},
	year={2022}
}

%6
@techreport{ilprints422,
	number = {1999-66},
	month = {November},
	author = {Lawrence Page and Sergey Brin and Rajeev Motwani and Terry Winograd},
	title = {The Pagerank Citation Ranking: Bringing Order to the Web.},
	type = {Technical Report},
	publisher = {Stanford InfoLab},
	year = {1999},
	institution = {Stanford InfoLab},
	url = {http://ilpubs.stanford.edu:8090/422/},
}

%7
@article{qoriiba2021perancangan,
	title={Perancangan Crawler Sebagai Pendukung pada Search Engine},
	author={Muhammad Fathan Qoriiba},
	year={2021}
}

%8
@article{allahEtAl2021SearchUi,
	title={Designing web search UI for the elderly community: a systematic
literature review},
	author={Khalid Krayz Allah and Nor Azman Ismail and Mohamad Almgerbi},
	year={2021},
	journal={Journal of Ambient Intelligence and Humanized Computing}
}

%9
@inproceedings{chenEtAl2006EfficientQuery,
	title={Efficient Query Processing in Geographic Web Search Engines},
	author={Yen-Yu Chen and Torsten Suel and Alexander Markowetz},
	booktitle={SIGMOD '06: Proceedings of the 2006 ACM SIGMOD international conference on Management of data},
	year={2006},
	pages={277--288}
}

$10
@article{khatulistiwa2022SearchEngine,
	title={Perancangan Arsitektur Search Engine dengan Mengintegrasikan Web Crawler, Algoritma Page Ranking, dan Document Ranking},
	author={Lazuardy Khatulistiwa},
	year={2022}
}

%11
@article{pratama2022indexer,
	title={PERANCANGAN MODUL PENGINDEKS PADA SEARCH ENGINE BERUPA INDUCED GENERALIZED SUFFIX TREE UNTUK KEPERLUAN PERANGKINGAN DOKUMEN},
	author={Zaidan Pratama},
	year={2022}
}

%12
@article{zalghornain2022indexer,
	title={RANCANG BANGUN SISTEM PENCARIAN TEKS DENGAN MENGGUNAKAN MODEL CONTINUOUS-BAG-OF-WORDS DAN MODEL CONTINUOUS SKIP-GRAM PADA KOLEKSI DOKUMEN},
	author={Muhammad Zalghornain},
	year={2022}
}

%13
@inproceedings {zhuetal2005distributedPagerank,
	title={Distributed Pagerank computation based on iterative aggregation-disaggregation methods},
	author={Yangbo Zhu and Shaozi Ye and Xing Li},
	booktitle={CIKM '05: Proceedings of the 14th ACM international conference on Information and knowledge management},
	year={2005},
	pages={578--585},
}

%14
 @article{bernersLee1992,
 	title={World-Wide web: The information universe},
	volume={2},
	DOI={10.1108/eb047254},
	number={1},
	journal={Internet Research},
	author={Berners-Lee, Tim and Cailliau, Robert and Groff, Jean-Fran√ßois and Pollermann, Bernd}, 
	year={1992}, 
	pages={52--58}
} 

%15
 @misc{huss2022,
 	title={How many websites are there in the world? (2022)}, 
	url={https://siteefy.com/how-many-websites-are-there}, 
	author={Nick Huss},
	year={2022},
	month={Aug},
	note = {https://siteefy.com/how-many-websites-are-there/. Diakses pada 28-09-2022},
}

%16
@article{seymour2011,
	title={History of search engines}, 
	volume={15}, 
	DOI={10.19030/ijmis.v15i4.5799}, 
	number={4}, 
	journal={International Journal of Management \& Information Systems (IJMIS)}, 
	author={Seymour, Tom and Frantsvog, Dean and Kumar, Satheesh}, 
	year={2011}, 
	pages={47}
}

%17
@misc{statCounterSearchEngineMarketShare,
	title={Search Engine Market Share Worldwide (Jan 2009 - Sept 2022)},
	url={https://gs.statcounter.com/search-engine-market-share#monthly-200901-202209-bar},
	author={GlobalStatCounter},
	note={https://gs.statcounter.com/search-engine-market-share#monthly-200901-202209-bar. Diakses pada 30-07-2022}
}

%18
@article{courtoisSemal1986,
 	title={Block iterative algorithms for stochastic matrices},
	volume={76},
	DOI={10.1016/0024-3795(86)90214-4},
	journal={Linear Algebra and its Applications},
	author={Courtois, P.J. and Semal, P.},
	year={1986},
	pages={59--70}
} 

%19
@article{neumannPlemmons1978,
 	title={Convergent nonnegative matrices and iterative methods for consistent linear systems},
	volume={31},
	DOI={10.1007/bf01397879},
	number={3},
	journal={Numerische Mathematik},
	author={Neumann, M. and Plemmons, R. J.},
	year={1978},
	pages={265--279}
} 

%20
 @article{kontovasilisMitrou1995,
 	title={Markov-modulated traffic with nearly complete decomposability characteristics and associated fluid queueing models}, 
	volume={27}, 
	DOI={10.2307/1427937}, 
	number={4},
	journal={Advances in Applied Probability},
	author={Kontovasilis, Kimon P. and Mitrou, Nikolas M.},
	year={1995},
	pages={1144--1185}
} 

%21
@misc{mishra2016,
  doi = {10.48550/ARXIV.1602.01972},
  url = {https://arxiv.org/abs/1602.01972},
  author = {Mishra, Debasisha},
  keywords = {Numerical Analysis (math.NA), FOS: Mathematics, FOS: Mathematics, 15A09},
  title = {Proper Weak Regular Splitting and its Application to Convergence of Alternating Iterations},
  publisher = {arXiv},
  year = {2016},
  copyright = {arXiv.org perpetual, non-exclusive license}
}

%22
@misc{mysqlIndex,
	title={How MySQL Uses Indexes},
	url={https://dev.mysql.com/doc/refman/8.0/en/mysql-indexes.html},
	author={MySQLDoc},
	year={2022},
	note={https://dev.mysql.com/doc/refman/8.0/en/mysql-indexes.html. Diakses pada 30-07-2022}
}

%23
@misc{geeksForGeeksBtree,
	title={Introduction of B-Tree}, 
	url={https://www.geeksforgeeks.org/introduction-of-b-tree-2/}, 
	author={GeeksForGeeks},
	year={2022},
	month={Sept},
	note = {https://www.geeksforgeeks.org/introduction-of-b-tree-2/. Diakses pada 28-09-2022},
}

%24
@book{wilson1996,
	title={Introduction to Graph Theory},
	author={Robin J. Wilson},
	year={1996},
	publisher={Longman Group Ltd}
}